@BOOK{CI,
      author    = "Paul M. Duvall, Steve Matyas, Andrew Glover",
      title     = "Continuous Integration - Improving Software Quality and Reducing Risk",
      publisher = "Pearson Education, Inc.",
      year      = "2007",
      isbn      = "0-321-33638-0",
      ISBN10    = "0-321-33638-0",
      ISBN13    = "978-0-321-33638-5"
}
